@manual{alteanleitung, 
    author = "TU Dortmund",
    title = "Alte Versuchsanleitung zu Versuch Nr. 46 Faraday-Effekt an Halbleitern",
    year = 2019
}

@manual{theo,
  author = {Wolfgang Demtr√∂der},
  title = {Experimentalphysik 3},
  year = 2016
}

@Misc{scipy,
  author =    {Eric Jones and Travis Oliphant and Pearu Peterson and others},
  title =     {{SciPy}: Open source scientific tools for {Python}},
  year =      {2001--},
  url = "http://www.scipy.org/",
  note = {(besucht am 21.11.2019)}
} 

@misc{rii,
  author = {Mikhail N. Polyanskiy},
  title = {Refractive index database},
  howpublished = {\url{https://refractiveindex.info/?shelf=main&book=GaAs&page=Skauli}},
  note = {(besucht am 27.11.2019)}
}
