@manual{anleitungv61,
  author = {TU Dortmund},
  title = {Versuchsanleitung zu Versuch Nr. 61 Der HeNe-Laser},
  year = 2018,
  url = "http://129.217.224.2/HOMEPAGE/PHYSIKER/BACHELOR/FP/SKRIPT/V61.pdf"
}
