@manual{anleitung,
  author = {TU Dortmund},
  title = {Versuchsanleitung zu Versuch Nr. 01 Lebensdauer der Myonen},
  year = 2018
  url = "http://129.217.224.2/HOMEPAGE/PHYSIKER/BACHELOR/FP/SKRIPT/V01.pdf"
}

@manual{pdg,
  author = {Particle Data Group},
  title = {PDG: Muon},
  year = 2018
  url = "http://pdg.lbl.gov/2014/listings/rpp2014-list-muon.pdf"
}
