@manual{anleitungalt, 
    author = "TU Dortmund",
    title = "Alte Versuchsanleitung zu Versuch Nr. 51 Operationsverstärker",
    year = 2019
}

@manual{anleitungneu, 
    author = "TU Dortmund",
    title = "Versuchsanleitung zu Versuch Nr. 51 Operationsverstärker",
    year = 2019
}
