@manual{anleitungv18,
  author = {TU Dortmund},
  title = {Versuchsanleitung zu Versuch Nr. 18 Reinst-Germanium-Detektor},
  year = 2018,
  url = "http://129.217.224.2/HOMEPAGE/PHYSIKER/BACHELOR/FP/SKRIPT/V18.pdf"
}
