
@manual{analt,
    author = "TU Dortmund",
    title = "Alte Versuchsanleitung zu Versuch Nr.27 Zeeman-Effekt",
    year = "2019",
}

@manual{anneu,
    author = "TU Dortmund",
    title = "Versuchsanleitung zu Versuch Nr.27 Zeeman-Effekt",
    year = "2019",
}

@manual{josh,
    author = "Joshua Luckey",
    title = "Der Zeeman-Effekt",
    year = "2019",
    url = "https://github.com/LuckyJosh/PhysikFP2015",
}