@manual{anleitung,
  author = {TU Dortmund},
  title = {Versuchsanleitung zu V64-Interferometrie},
  year = 2019
}

@online{lorentz,
      author = "Unknown",
      title = "Lorentzâ€“Lorenz equation",
      date = "2008-09-28",
      urldate = "2019-12-11",
      url = " https://en.wikipedia.org/wiki/Clausius%E2%80%93Mossotti_relation"
}

@online{refr_index_air,
      author = "Jack A. Stone and Jay H. Zimmerman",
      title = "Index of Refraction of Air",
      url = "https://emtoolbox.nist.gov/Wavelength/Ciddor.asp"
}



@misc{rii,
  author = {Mikhail N. Polyanskiy},
  title = {Refractive index database},
  howpublished = {\url{https://refractiveindex.info}},
}