@manual{tomalt,
    author = "TU Dortmund",
    title = "Alte Versuchsanleitung zu Versuch Nr.14 Tomographie mittels Gammastrahlung",
    year = "2019",
}

@manual{tomneu,
    author = "TU Dortmund",
    title = "Versuchsanleitung zu Versuch Nr.14 Tomographie mittels Gammastrahlung",
    year = "2020",
}

@manual{tomneu,
    author = "TU Dortmund",
    title = "Versuchsanleitung zu Versuch Nr.18 Germanium Detektor",
    year = "2020",
}

@manual{blei,
    author = "Prof. Dr. Helmut Winter et al",
    title = "Absorption von Strahlung",
    url = "http://pgd5.physik.hu-berlin.de/pgd/absorpt.htm",
}

@manual{wuerf,
    author = "Joshua Luckey",
    title = "tikz-Projektionen.pdf",
    url = "https://github.com/LuckyJosh/PhysikFP2015/blob/master/01_TomographieGamma\%5BX\%5D/Grafiken/Tikz/tikz-Projektionen.pdf",
}

@book{hastie, 
    title = "Techniques for Nuclear and Particle Physics Experiments", 
    subtitle = "A How-to Approach ", 
    author = "William R. Leo",  
    edition = "2",
    year = "1994", 
    publisher = "Springer-Verlag Berlin Heidelberg GmbH", 
}

@article{theorie,
  title = "NIST: Element/Compound/Mixture Selection",
  url = "https://physics.nist.gov/PhysRefData/Xcom/html/xcom1.html",
}